<record><leader>00000cas a22000007a 4500</leader><controlfield tag="001">35905042</controlfield><controlfield tag="008">961113d19021910okuwr n       0    0eng d</controlfield><datafield ind1=" " ind2=" " tag="010"><subfield code="a">sn 96093158 </subfield></datafield><datafield ind1=" " ind2=" " tag="040"><subfield code="a">OBN</subfield><subfield code="b">eng</subfield><subfield code="c">OBN</subfield><subfield code="d">OCLCQ</subfield><subfield code="d">OCLCF</subfield><subfield code="d">OCLCO</subfield></datafield><datafield ind1="1" ind2=" " tag="029"><subfield code="a">AU@</subfield><subfield code="b">000012911396</subfield></datafield><datafield ind1=" " ind2=" " tag="042"><subfield code="a">msc</subfield></datafield><datafield ind1=" " ind2=" " tag="043"><subfield code="a">n-us-ok</subfield></datafield><datafield ind1="0" ind2="4" tag="245"><subfield code="a">The Frederick enterprise.</subfield></datafield><datafield ind1=" " ind2=" " tag="260"><subfield code="a">Gosnell, Comanche County, Okla. :</subfield><subfield code="b">Early Hendrick</subfield></datafield><datafield ind1=" " ind2=" " tag="300"><subfield code="a">v.</subfield></datafield><datafield ind1=" " ind2=" " tag="310"><subfield code="a">Weekly</subfield></datafield><datafield ind1="0" ind2=" " tag="362"><subfield code="a">-v. 9, no. 15 (June 24, 1910).</subfield></datafield><datafield ind1="1" ind2=" " tag="362"><subfield code="a">Began in 1902.</subfield></datafield><datafield ind1=" " ind2=" " tag="588"><subfield code="a">Description based on: Vol. 1, no. 5 (June 4, 1902).</subfield></datafield><datafield ind1=" " ind2="0" tag="651"><subfield code="a">Frederick (Okla.)</subfield><subfield code="v">Newspapers.</subfield></datafield><datafield ind1=" " ind2="0" tag="651"><subfield code="a">Tillman County (Okla.)</subfield><subfield code="v">Newspapers.</subfield></datafield><datafield ind1=" " ind2="7" tag="655"><subfield code="a">Newspapers.</subfield><subfield code="2">fast</subfield><subfield code="0">(OCoLC)fst01423814</subfield></datafield><datafield ind1=" " ind2="7" tag="651"><subfield code="a">Oklahoma</subfield><subfield code="z">Frederick.</subfield><subfield code="2">fast</subfield><subfield code="0">(OCoLC)fst01228532</subfield></datafield><datafield ind1=" " ind2="7" tag="651"><subfield code="a">Oklahoma</subfield><subfield code="z">Tillman County.</subfield><subfield code="2">fast</subfield><subfield code="0">(OCoLC)fst01223287</subfield></datafield><datafield ind1=" " ind2=" " tag="752"><subfield code="a">United States</subfield><subfield code="b">Oklahoma</subfield><subfield code="c">Tillman</subfield><subfield code="d">Frederick.</subfield></datafield><datafield ind1="0" ind2="5" tag="780"><subfield code="t">Frederick free press (Frederick, Okla.)</subfield><subfield code="w">(DLC)sn 96093157</subfield><subfield code="w">(OCoLC)35904962</subfield></datafield><datafield ind1="0" ind2="0" tag="785"><subfield code="t">Frederick weekly enterprise</subfield><subfield code="w">(DLC)sn 96093159</subfield><subfield code="w">(OCoLC)35905096</subfield></datafield></record>